<?xml version="1.0" encoding="UTF-8"?><collection xmlns="http://www.loc.gov/MARC21/slim"><record><leader>00530nam--2200181-i-4500</leader><controlfield tag="001">000008754</controlfield><controlfield tag="002">20161230</controlfield><controlfield tag="005">20170106165644</controlfield><controlfield tag="008">060222s1000------------r-----000-0-eng-d</controlfield><datafield ind1=" " ind2=" " tag="040"><subfield code="a">IFIN-HH</subfield></datafield><datafield ind1=" " ind2=" " tag="080"><subfield code="a">539.12.04:612.014</subfield></datafield><datafield ind1="1" ind2=" " tag="100"><subfield code="a">Ebert, Michael</subfield></datafield><datafield ind1="1" ind2="0" tag="245"><subfield code="a">Current topics in radiation research</subfield><subfield code="b">Volume 4</subfield><subfield code="c">Michael Ebert, Alma Howard (eds.)</subfield></datafield><datafield ind1=" " ind2=" " tag="260"><subfield code="a">Amsterdam</subfield><subfield code="b">North-Holland Publishing Company</subfield><subfield code="c">1968</subfield></datafield><datafield ind1=" " ind2=" " tag="300"><subfield code="a">X+430 p</subfield></datafield><datafield ind1="1" ind2=" " tag="700"><subfield code="a">Howard, Alma</subfield><subfield code="e">Ed</subfield></datafield><datafield ind1=" " ind2=" " tag="852"><subfield code="a">21860</subfield><subfield code="c">539.12.04</subfield></datafield><datafield ind1=" " ind2=" " tag="CAT"><subfield code="a">SYS</subfield><subfield code="c">20170106</subfield><subfield code="h">165644</subfield></datafield></record></collection>